<record><leader>00000cas a22000007a 4500</leader><controlfield tag="001">13574644</controlfield><controlfield tag="008">860515d19651965njuwr ne      0    0eng d</controlfield><datafield ind1=" " ind2=" " tag="010"><subfield code="a">sn 86077157 </subfield></datafield><datafield ind1=" " ind2=" " tag="040"><subfield code="a">NPA</subfield><subfield code="b">eng</subfield><subfield code="c">NPA</subfield><subfield code="d">NJW</subfield><subfield code="d">OCLCQ</subfield></datafield><datafield ind1=" " ind2=" " tag="042"><subfield code="a">msc</subfield></datafield><datafield ind1="0" ind2=" " tag="130"><subfield code="a">New press journal (Bergenfield, N.J. : 1965 : Region 2 ed.)</subfield></datafield><datafield ind1="1" ind2="4" tag="245"><subfield code="a">The new press journal.</subfield></datafield><datafield ind1=" " ind2=" " tag="250"><subfield code="a">[Region 2 ed.].</subfield></datafield><datafield ind1=" " ind2=" " tag="260"><subfield code="a">Bergenfield, N.J. :</subfield><subfield code="b">Palisades Pub.,</subfield><subfield code="c">1965.</subfield></datafield><datafield ind1=" " ind2=" " tag="300"><subfield code="a">v. :</subfield><subfield code="b">ill.</subfield></datafield><datafield ind1=" " ind2=" " tag="310"><subfield code="a">Weekly</subfield></datafield><datafield ind1="0" ind2=" " tag="362"><subfield code="a">Vol. 2, no. 13 (Mar. 31, 1965)-v. 92 [i.e. 2], no. 15 (Apr. 14, 1965).</subfield></datafield><datafield ind1=" " ind2=" " tag="500"><subfield code="a">"Covering Region 2 - Oradell, New Milford, Dumont, Bergenfield."</subfield></datafield><datafield ind1=" " ind2=" " tag="515"><subfield code="a">Issue for Apr. 14, 1965 is numbered v. 92, but constitutes v. 2.</subfield></datafield><datafield ind1=" " ind2=" " tag="530"><subfield code="a">Also issued on microfilm by Rutgers University Library.</subfield></datafield><datafield ind1=" " ind2=" " tag="752"><subfield code="a">United States</subfield><subfield code="b">New Jersey</subfield><subfield code="c">Bergen</subfield><subfield code="d">Bergenfield.</subfield></datafield><datafield ind1=" " ind2=" " tag="752"><subfield code="a">United States</subfield><subfield code="b">New Jersey</subfield><subfield code="c">Bergen</subfield><subfield code="d">Oradell.</subfield></datafield><datafield ind1=" " ind2=" " tag="752"><subfield code="a">United States</subfield><subfield code="b">New Jersey</subfield><subfield code="c">Bergen</subfield><subfield code="d">New Milford.</subfield></datafield><datafield ind1=" " ind2=" " tag="752"><subfield code="a">United States</subfield><subfield code="b">New Jersey</subfield><subfield code="c">Bergen</subfield><subfield code="d">Dumont.</subfield></datafield><datafield ind1="0" ind2="0" tag="780"><subfield code="t">Sun times (Bergenfield, N.J.)</subfield><subfield code="w">(DLC)sn 86077158</subfield><subfield code="w">(OCoLC)13574631</subfield></datafield><datafield ind1="0" ind2="0" tag="785"><subfield code="t">Press journal (Bergenfield, N.J. : 1965 : Region 2 ed.)</subfield><subfield code="w">(DLC)sn 86077156</subfield><subfield code="w">(OCoLC)13574645</subfield></datafield></record>